@article{Miga:2019aa,
	author = {Miga, Karen H},
	journal = {Genes (Basel)},
	title = {Centromeric Satellite DNAs: Hidden Sequence Variation in the Human Population},
	volume = {10},
	year = {2019}}

@article{Altemose:2022tv,
	author = {Altemose, Nicolas and Logsdon, Glennis A and Bzikadze, Andrey V and Sidhwani, Pragya and Langley, Sasha A and Caldas, Gina V and Hoyt, Savannah J and Uralsky, Lev and Ryabov, Fedor D and Shew, Colin J and others},
	journal = {Science},
	pages = {eabl4178},
	title = {Complete genomic and epigenetic maps of human centromeres},
	volume = {376},
	year = {2022}}

@article{Melters:2013va,
	author = {Melters, Dani{\"e}l P and Bradnam, Keith R and Young, Hugh A and Telis, Natalie and May, Michael R and Ruby, J Graham and Sebra, Robert and Peluso, Paul and Eid, John and Rank, David and others},
	journal = {Genome Biol},
	pages = {R10},
	title = {Comparative analysis of tandem repeats from hundreds of species reveals unique insights into centromere evolution},
	volume = {14},
	year = {2013}}

@article{Benson:1999aa,
	author = {Benson, G},
	journal = {Nucleic Acids Res},
	pages = {573-80},
	title = {Tandem repeats finder: a program to analyze {DNA} sequences},
	volume = {27},
	year = {1999}}

@article{Novak:2017wx,
	author = {Nov{\'a}k, Petr and {\'A}vila Robledillo, Laura and Kobl{\'\i}{\v z}kov{\'a}, Andrea and Vrbov{\'a}, Iva and Neumann, Pavel and Macas, Jir{\'\i}},
	journal = {Nucleic Acids Res},
	pages = {e111},
	title = {{TAREAN}: a computational tool for identification and characterization of satellite DNA from unassembled short reads},
	volume = {45},
	year = {2017}}

@article{Wei:2014vl,
	author = {Wei, Kevin H-C and Grenier, Jennifer K and Barbash, Daniel A and Clark, Andrew G},
	journal = {Proc Natl Acad Sci U S A},
	pages = {18793-8},
	title = {Correlated variation and population differentiation in satellite {DNA} abundance among lines of Drosophila melanogaster},
	volume = {111},
	year = {2014}}

@article{Sevim:2016tl,
	author = {Sevim, Volkan and Bashir, Ali and Chin, Chen-Shan and Miga, Karen H},
	journal = {Bioinformatics},
	pages = {1921-1924},
	title = {{Alpha-CENTAURI}: assessing novel centromeric repeat sequence variation with long read sequencing},
	volume = {32},
	year = {2016}}

@article{Nurk:2022up,
	author = {Nurk, Sergey and Koren, Sergey and Rhie, Arang and Rautiainen, Mikko and Bzikadze, Andrey V and Mikheenko, Alla and Vollger, Mitchell R and Altemose, Nicolas and Uralsky, Lev and Gershman, Ariel and others},
	journal = {Science},
	pages = {44-53},
	title = {The complete sequence of a human genome},
	volume = {376},
	year = {2022}}

@article{Kunyavskaya:2022tx,
	author = {Kunyavskaya, Olga and Dvorkina, Tatiana and Bzikadze, Andrey V and Alexandrov, Ivan A and Pevzner, Pavel A},
	journal = {Genome Res},
	pages = {1137-1151},
	title = {Automated annotation of human centromeres with {HORmon}},
	volume = {32},
	year = {2022}}

@article {Gao2022.08.07.502881,
	author = {Gao, Shenghan and Yang, Xiaofei and Zhao, Xixi and Wang, Bo and Ye, Kai},
	title = {{HiCAT}: A tool for automatic annotation of centromere structure},
	elocation-id = {2022.08.07.502881},
	year = {2022},
	doi = {10.1101/2022.08.07.502881},
	publisher = {Cold Spring Harbor Laboratory},
	URL = {https://www.biorxiv.org/content/early/2022/08/07/2022.08.07.502881},
	eprint = {https://www.biorxiv.org/content/early/2022/08/07/2022.08.07.502881.full.pdf},
	journal = {bioRxiv}
}

@article{Lower:2018aa,
	author = {Lower, Sarah Sander and McGurk, Michael P and Clark, Andrew G and Barbash, Daniel A},
	journal = {Curr Opin Genet Dev},
	pages = {70-78},
	title = {Satellite DNA evolution: old ideas, new approaches},
	volume = {49},
	year = {2018}}

@article{Zerbino:2008uq,
	author = {Zerbino, Daniel R and Birney, Ewan},
	journal = {Genome Res},
	pages = {821-9},
	title = {Velvet: algorithms for de novo short read assembly using de Bruijn graphs},
	volume = {18},
	year = {2008}}

@article{Logsdon:2021aa,
	author = {Logsdon, Glennis A and Vollger, Mitchell R and Hsieh, PingHsun and Mao, Yafei and Liskovykh, Mikhail A and Koren, Sergey and Nurk, Sergey and Mercuri, Ludovica and Dishuck, Philip C and Rhie, Arang and de Lima, Leonardo G and Dvorkina, Tatiana and Porubsky, David and Harvey, William T and Mikheenko, Alla and Bzikadze, Andrey V and Kremitzki, Milinn and Graves-Lindsay, Tina A and Jain, Chirag and Hoekzema, Kendra and Murali, Shwetha C and Munson, Katherine M and Baker, Carl and Sorensen, Melanie and Lewis, Alexandra M and Surti, Urvashi and Gerton, Jennifer L and Larionov, Vladimir and Ventura, Mario and Miga, Karen H and Phillippy, Adam M and Eichler, Evan E},
	journal = {Nature},
	pages = {101-107},
	title = {The structure, function and evolution of a complete human chromosome 8},
	volume = {593},
	year = {2021}}

@article{Altemose:2022vw,
	author = {Altemose, Nicolas},
	journal = {Semin Cell Dev Biol},
	pages = {2-14},
	title = {A classical revival: Human satellite DNAs enter the genomics era},
	volume = {128},
	year = {2022}}

@article{Li:2019aa,
	author = {Li, Heng},
	journal = {Bioinformatics},
	pages = {4408-4410},
	title = {Identifying centromeric satellites with dna-brnn},
	volume = {35},
	year = {2019}}

@article{Miga:2014aa,
	author = {Miga, Karen H and Newton, Yulia and Jain, Miten and Altemose, Nicolas and Willard, Huntington F and Kent, W James},
	journal = {Genome Res},
	pages = {697-707},
	title = {Centromere reference models for human chromosomes X and Y satellite arrays},
	volume = {24},
	year = {2014}}

@article{Schneider:2017aa,
	author = {Schneider, Valerie A and Graves-Lindsay, Tina and Howe, Kerstin and Bouk, Nathan and Chen, Hsiu-Chuan and Kitts, Paul A and Murphy, Terence D and Pruitt, Kim D and Thibaud-Nissen, Fran{\c c}oise and Albracht, Derek and Fulton, Robert S and Kremitzki, Milinn and Magrini, Vincent and Markovic, Chris and McGrath, Sean and Steinberg, Karyn Meltz and Auger, Kate and Chow, William and Collins, Joanna and Harden, Glenn and Hubbard, Timothy and Pelan, Sarah and Simpson, Jared T and Threadgold, Glen and Torrance, James and Wood, Jonathan M and Clarke, Laura and Koren, Sergey and Boitano, Matthew and Peluso, Paul and Li, Heng and Chin, Chen-Shan and Phillippy, Adam M and Durbin, Richard and Wilson, Richard K and Flicek, Paul and Eichler, Evan E and Church, Deanna M},
	journal = {Genome Res},
	pages = {849-864},
	title = {Evaluation of {GRCh38} and de novo haploid genome assemblies demonstrates the enduring quality of the reference assembly},
	volume = {27},
	year = {2017}}

@article{Shatskikh:2020aa,
	author = {Shatskikh, Aleksei S and Kotov, Alexei A and Adashev, Vladimir E and Bazylev, Sergei S and Olenina, Ludmila V},
	journal = {Front Cell Dev Biol},
	pages = {312},
	title = {Functional Significance of Satellite DNAs: Insights From Drosophila},
	volume = {8},
	year = {2020}}

@article{Khost:2017aa,
	author = {Khost, Daniel E and Eickbush, Danna G and Larracuente, Amanda M},
	journal = {Genome Res},
	pages = {709-721},
	title = {Single-molecule sequencing resolves the detailed structure of complex satellite DNA loci in Drosophila melanogaster},
	volume = {27},
	year = {2017}}

@article{Thakur:2021aa,
	author = {Thakur, Jitendra and Packiaraj, Jenika and Henikoff, Steven},
	journal = {Int J Mol Sci},
	title = {Sequence, Chromatin and Evolution of Satellite DNA},
	volume = {22},
	year = {2021}}

@article{Cheng:2021aa,
	author = {Cheng, Haoyu and Concepcion, Gregory T and Feng, Xiaowen and Zhang, Haowen and Li, Heng},
	journal = {Nat Methods},
	pages = {170-175},
	title = {Haplotype-resolved de novo assembly using phased assembly graphs with hifiasm},
	volume = {18},
	year = {2021}}

@article{Arora:2021aa,
	author = {Arora, Uma P and Charlebois, Caleigh and Lawal, Raman Akinyanju and Dumont, Beth L},
	journal = {BMC Genomics},
	pages = {279},
	title = {Population and subspecies diversity at mouse centromere satellites},
	volume = {22},
	year = {2021}}

@article{Pertile:2009aa,
	author = {Pertile, Mark D and Graham, Alison N and Choo, K H Andy and Kalitsis, Paul},
	journal = {Genome Res},
	pages = {2202-13},
	title = {Rapid evolution of mouse Y centromere repeat DNA belies recent sequence stability},
	volume = {19},
	year = {2009}}

@article{Ananiev:1998aa,
	author = {Ananiev, E V and Phillips, R L and Rines, H W},
	journal = {Proc Natl Acad Sci U S A},
	pages = {13073-8},
	title = {Chromosome-specific molecular organization of maize (Zea mays L.) centromeric regions},
	volume = {95},
	year = {1998}}

@article{Naish:2021aa,
	author = {Naish, Matthew and Alonge, Michael and Wlodzimierz, Piotr and Tock, Andrew J and Abramson, Bradley W and Schm{\"u}cker, Anna and Mand{\'a}kov{\'a}, Terezie and Jamge, Bhagyshree and Lambing, Christophe and Kuo, Pallas and Yelina, Natasha and Hartwick, Nolan and Colt, Kelly and Smith, Lisa M and Ton, Jurriaan and Kakutani, Tetsuji and Martienssen, Robert A and Schneeberger, Korbinian and Lysak, Martin A and Berger, Fr{\'e}d{\'e}ric and Bousios, Alexandros and Michael, Todd P and Schatz, Michael C and Henderson, Ian R},
	journal = {Science},
	pages = {eabi7489},
	title = {The genetic and epigenetic landscape of the Arabidopsis centromeres},
	volume = {374},
	year = {2021}}

@article{Rabanal:2022aa,
	author = {Rabanal, Fernando A and Gr{\"a}ff, Maike and Lanz, Christa and Fritschi, Katrin and Llaca, Victor and Lang, Michelle and Carbonell-Bejerano, Pablo and Henderson, Ian and Weigel, Detlef},
	journal = {Nucleic Acids Res},
	pages = {12309-12327},
	title = {Pushing the limits of HiFi assemblies reveals centromere diversity between two Arabidopsis thaliana genomes},
	volume = {50},
	year = {2022}}

@article{Hon:2020aa,
	author = {Hon, Ting and Mars, Kristin and Young, Greg and Tsai, Yu-Chih and Karalius, Joseph W and Landolin, Jane M and Maurer, Nicholas and Kudrna, David and Hardigan, Michael A and Steiner, Cynthia C and Knapp, Steven J and Ware, Doreen and Shapiro, Beth and Peluso, Paul and Rank, David R},
	journal = {Sci Data},
	pages = {399},
	title = {Highly accurate long-read {HiFi} sequencing data for five complex genomes},
	volume = {7},
	year = {2020}}

@article{wood_genome_2022,
	title = {The genome sequence of the orange-striped anemone, {Diadumene} lineata ({Verrill}, 1869)},
	volume = {7},
	issn = {2398-502X},
	url = {https://wellcomeopenresearch.org/articles/7-93/v1},
	doi = {10.12688/wellcomeopenres.17763.1},
	abstract = {We present a genome assembly from an individual
              Diadumene lineata
              (the orange-striped anemone; Cnidaria; Anthozoa; Actiniaria; Diadumenidae). The genome sequence is 313 megabases in span. The majority of the assembly (96.03\%) is scaffolded into 16 chromosomal pseudomolecules. The complete mitochondrial genome was also assembled and is 17.6 kilobases in length.},
	language = {en},
	urldate = {2023-03-24},
	journal = {Wellcome Open Research},
	author = {Wood, Christine and Bishop, John and Harley, Joanna and Mrowicki, Robert and {Marine Biological Association Genome Acquisition Lab} and {Darwin Tree of Life Barcoding collective} and {Wellcome Sanger Institute Tree of Life programme} and {Wellcome Sanger Institute Scientific Operations: DNA Pipelines collective} and {Tree of Life Core Informatics collective} and {Darwin Tree of Life Consortium}},
	month = mar,
	year = {2022},
	pages = {93},
	file = {Full Text:/Users/hli/Zotero/storage/DFLPV6EE/Wood et al. - 2022 - The genome sequence of the orange-striped anemone,.pdf:application/pdf},
}

@article{sinding_genome_2021,
	title = {The genome sequence of the grey wolf, {Canis} lupus {Linnaeus} 1758},
	volume = {6},
	issn = {2398-502X},
	url = {https://wellcomeopenresearch.org/articles/6-310/v1},
	doi = {10.12688/wellcomeopenres.17332.1},
	abstract = {We present a genome assembly from an individual male
              Canis lupus orion
              (the grey wolf, subspecies: Greenland wolf; Chordata; Mammalia; Carnivora; Canidae). The genome sequence is 2,447 megabases in span. The majority of the assembly (98.91\%) is scaffolded into 40 chromosomal pseudomolecules, with the X and Y sex chromosomes assembled.},
	language = {en},
	urldate = {2023-03-24},
	journal = {Wellcome Open Research},
	author = {Sinding, Mikkel-Holger S. and Gopalakrishnan, Shyam and Raundrup, Katrine and Dalén, Love and Threlfall, Jonathan and {Darwin Tree of Life Barcoding collective} and {Wellcome Sanger Institute Tree of Life programme} and {Wellcome Sanger Institute Scientific Operations: DNA Pipelines collective} and {Tree of Life Core Informatics collective} and {Darwin Tree of Life Consortium} and Gilbert, Tom},
	month = nov,
	year = {2021},
	pages = {310},
	file = {Full Text:/Users/hli/Zotero/storage/K8QEL2TB/Sinding et al. - 2021 - The genome sequence of the grey wolf, Canis lupus .pdf:application/pdf},
}

@article{pemberton_genome_2021,
	title = {The genome sequence of the red deer, {Cervus} elaphus {Linnaeus} 1758},
	volume = {6},
	issn = {2398-502X},
	url = {https://wellcomeopenresearch.org/articles/6-336/v1},
	doi = {10.12688/wellcomeopenres.17493.1},
	abstract = {We present a genome assembly from an individual female
              Cervus elaphus
              (the red deer; Chordata; Mammalia; Artiodactyla; Cervidae). The genome sequence is 2,887 megabases in span. The majority of the assembly is scaffolded into 34 chromosomal pseudomolecules, with the X sex chromosome assembled.},
	language = {en},
	urldate = {2023-03-24},
	journal = {Wellcome Open Research},
	author = {Pemberton, Josephine and Johnston, Susan E. and Fletcher, T. John and {Darwin Tree of Life Barcoding collective} and {Wellcome Sanger Institute Tree of Life programme} and {Wellcome Sanger Institute Scientific Operations: DNA Pipelines collective} and {Tree of Life Core Informatics collective} and {Darwin Tree of Life Consortium}},
	month = dec,
	year = {2021},
	pages = {336},
}

@article{wright_genome_2022,
	title = {The genome sequence of the chicken of the woods fungus, {Laetiporus} sulphureus ({Bull}.) {Murrill}, 1920},
	volume = {7},
	issn = {2398-502X},
	url = {https://wellcomeopenresearch.org/articles/7-83/v1},
	doi = {10.12688/wellcomeopenres.17750.1},
	abstract = {We present a genome assembly from an individual
              Laetiporus sulphureus
              (the chicken of the woods fungus; Basidiomycota; Agaricomycetes; Polyporales; Laetiporaceae). The genome sequence is 37.4 megabases in span. The complete assembly is scaffolded into 14 chromosomal pseudomolecules.},
	language = {en},
	urldate = {2023-03-24},
	journal = {Wellcome Open Research},
	author = {Wright, Richard and Woof, Kieran and Douglas, Brian and Gaya, Ester and {Royal Botanic Gardens Kew Genome Acquisition Lab} and {Darwin Tree of Life Barcoding collective} and {Wellcome Sanger Institute Tree of Life programme} and {Wellcome Sanger Institute Scientific Operations: DNA Pipelines collective} and {Tree of Life Core Informatics collective} and {Darwin Tree of Life Consortium}},
	month = mar,
	year = {2022},
	pages = {83},
	file = {Full Text:/Users/hli/Zotero/storage/FB8K9J6V/Wright et al. - 2022 - The genome sequence of the chicken of the woods fu.pdf:application/pdf},
}

@article{lawniczak_genome_2021,
	title = {The genome sequence of the spiny starfish, {Marthasterias} glacialis ({Linnaeus}, 1758)},
	volume = {6},
	issn = {2398-502X},
	url = {https://wellcomeopenresearch.org/articles/6-295/v1},
	doi = {10.12688/wellcomeopenres.17344.1},
	abstract = {We present a genome assembly from an individual
              Marthasterias glacialis
              (the spiny starfish; Echinodermata; Asteroidea; Forcipulatida; Asteriidae). The genome sequence is 521 megabases in span. The majority of the assembly, 99.44\%, is scaffolded into 22 chromosomal pseudomolecules. The mitochondrial genome has also been assembled, and is 16 kb in span.},
	language = {en},
	urldate = {2023-03-24},
	journal = {Wellcome Open Research},
	author = {Lawniczak, Mara K.N. and {Darwin Tree of Life Barcoding collective} and {Wellcome Sanger Institute Tree of Life programme} and {Wellcome Sanger Institute Scientific Operations: DNA Pipelines collective} and {Tree of Life Core Informatics collective} and {Darwin Tree of Life Consortium}},
	month = nov,
	year = {2021},
	pages = {295},
	file = {Full Text:/Users/hli/Zotero/storage/J99GRP68/Lawniczak et al. - 2021 - The genome sequence of the spiny starfish, Marthas.pdf:application/pdf},
}

@article{foote_genome_2022,
	title = {The genome sequence of the killer whale, {Orcinus} orca ({Linnaeus}, 1758)},
	volume = {7},
	issn = {2398-502X},
	url = {https://wellcomeopenresearch.org/articles/7-250/v1},
	doi = {10.12688/wellcomeopenres.18278.1},
	abstract = {We present a genome assembly from an individual female
              Orcinus orca
              (the killer whale; Chordata; Mammalia; Artiodactyla; Delphinidae). The genome sequence is 2.65 gigabases in span. The majority of the assembly (93.76\%) is scaffolded into 22 chromosomal pseudomolecules with the X sex chromosome assembled. The complete mitochondrial genome was also assembled and is 16.4 kilobases in length.},
	language = {en},
	urldate = {2023-03-24},
	journal = {Wellcome Open Research},
	author = {Foote, Andrew and Bunskoek, Paulien and {Wellcome Sanger Institute Tree of Life programme} and {Wellcome Sanger Institute Scientific Operations: DNA Pipelines collective} and {Tree of Life Core Informatics collective} and {Darwin Tree of Life Consortium}},
	month = oct,
	year = {2022},
	pages = {250},
	file = {Full Text:/Users/hli/Zotero/storage/FHE3NG8N/Foote et al. - 2022 - The genome sequence of the killer whale, Orcinus o.pdf:application/pdf},
}

@article{lawniczak_genome_2022,
	title = {The genome sequence of the blue-rayed limpet, {Patella} pellucida {Linnaeus}, 1758},
	volume = {7},
	issn = {2398-502X},
	url = {https://wellcomeopenresearch.org/articles/7-126/v1},
	doi = {10.12688/wellcomeopenres.17825.1},
	abstract = {We present a genome assembly from an individual
              Patella pellucida
              (the blue-rayed limpet; Mollusca; Gastropoda; Patellidae). The genome sequence is 712 megabases in span. The majority of the assembly (99.85\%) is scaffolded into 9 chromosomal pseudomolecules. The mitochondrial genome was assembled and is 14.9 kilobases in length.},
	language = {en},
	urldate = {2023-03-24},
	journal = {Wellcome Open Research},
	author = {Lawniczak, Mara K.N. and {Darwin Tree of Life Barcoding collective} and {Wellcome Sanger Institute Tree of Life programme} and {Wellcome Sanger Institute Scientific Operations: DNA Pipelines collective} and {Tree of Life Core Informatics collective} and {Darwin Tree of Life Consortium}},
	month = apr,
	year = {2022},
	pages = {126},
	file = {Full Text:/Users/hli/Zotero/storage/8ZUMKIY7/Lawniczak et al. - 2022 - The genome sequence of the blue-rayed limpet, Pate.pdf:application/pdf},
}

@article{lohse_genome_2021,
	title = {The genome sequence of the red admiral, {Vanessa} atalanta ({Linnaeus}, 1758)},
	volume = {6},
	issn = {2398-502X},
	url = {https://wellcomeopenresearch.org/articles/6-356/v1},
	doi = {10.12688/wellcomeopenres.17524.1},
	abstract = {We present a genome assembly from an individual female
              Vanessa atalanta
              (the red admiral; Arthropoda; Insecta; Lepidoptera; Nymphalidae). The genome sequence is 370 megabases in span. The majority of the assembly (99.44\%) is scaffolded into 32 chromosomal pseudomolecules, with the W and Z sex chromosome assembled. Gene annotation of this assembly on Ensembl has identified 12,493 protein coding genes.},
	language = {en},
	urldate = {2023-03-24},
	journal = {Wellcome Open Research},
	author = {Lohse, Konrad and García-Berro, Aurora and Talavera, Gerard and {Darwin Tree of Life Barcoding collective} and {Wellcome Sanger Institute Tree of Life programme} and {Wellcome Sanger Institute Scientific Operations: DNA Pipelines collective} and {Tree of Life Core Informatics collective} and {Darwin Tree of Life Consortium}},
	month = dec,
	year = {2021},
	pages = {356},
	file = {Full Text:/Users/hli/Zotero/storage/NYETDATS/Lohse et al. - 2021 - The genome sequence of the red admiral, Vanessa at.pdf:application/pdf},
}

@article{konyves_genome_2022,
	title = {The genome sequence of the apple, {Malus} domestica ({Suckow}) {Borkh}., 1803},
	volume = {7},
	issn = {2398-502X},
	url = {https://wellcomeopenresearch.org/articles/7-297/v1},
	doi = {10.12688/wellcomeopenres.18646.1},
	abstract = {We present genome assemblies from four
              Malus domestica
              cultivars
              
              (the apple; Streptophyta; Magnoliopsida; Rosales; Rosaceae). The genome sequences are 643–653 megabases in span. The greater part of each assembly length (99.24–99.74\%) is scaffolded into 17 chromosomal pseudomolecules. The mitochondrial and plastid genomes were also assembled and are 400 kilobases and 167 kilobases in length respectively.},
	language = {en},
	urldate = {2023-03-24},
	journal = {Wellcome Open Research},
	author = {Könyves, Kálmán and Mian, Sahr and Johns, Jennifer and {Royal Botanic Garden Edinburgh Genome Acquisition Lab} and {Royal Botanic Gardens Kew Genome Acquisition Lab} and {Darwin Tree of Life Barcoding collective} and {Wellcome Sanger Institute Tree of Life programme} and {Wellcome Sanger Institute Scientific Operations: DNA Pipelines collective} and {Tree of Life Core Informatics collective} and Ruhsam, Markus and Leitch, Ilia J. and {Darwin Tree of Life Consortium}},
	month = dec,
	year = {2022},
	pages = {297},
}

@article{ruhsam_genome_2022,
	title = {The genome sequence of the {European} crab apple, {Malus} sylvestris ({L}.) {Mill}., 1768},
	volume = {7},
	issn = {2398-502X},
	url = {https://wellcomeopenresearch.org/articles/7-296/v1},
	doi = {10.12688/wellcomeopenres.18645.1},
	abstract = {We present a genome assembly from an individual
              Malus sylvestris
              (the European or 'wild' crab apple; Streptophyta; Magnoliopsida; Rosales; Rosaceae). The genome sequence is 642 megabases in span. Most of the assembly (99.98\%) is scaffolded into 17 chromosomal pseudomolecules. The mitochondrial and chloroplast genomes were also assembled, with respective lengths of 396.9 kilobases and 160.0 kilobases.},
	language = {en},
	urldate = {2023-03-24},
	journal = {Wellcome Open Research},
	author = {Ruhsam, Markus and Bell, David and Hart, Michelle and Hollingsworth, Peter and {Royal Botanic Garden Edinburgh Genome Acquisition Lab} and {Darwin Tree of Life Barcoding collective} and {Wellcome Sanger Institute Tree of Life programme} and {Wellcome Sanger Institute Scientific Operations: DNA Pipelines collective} and {Tree of Life Core Informatics collective} and {Darwin Tree of Life Consortium}},
	month = dec,
	year = {2022},
	pages = {296},
	file = {Accepted Version:/Users/hli/Zotero/storage/HZS2NPEH/Ruhsam et al. - 2022 - The genome sequence of the European crab apple, Ma.pdf:application/pdf},
}

@article{newman_genome_2022,
	title = {The genome sequence of the {European} badger, {Meles} meles ({Linnaeus}, 1758)},
	volume = {7},
	issn = {2398-502X},
	url = {https://wellcomeopenresearch.org/articles/7-239/v1},
	doi = {10.12688/wellcomeopenres.18230.1},
	abstract = {We present a haplotype resolved, diploid genome assembly from a male
              Meles meles
              (European badger; Chordata; Mammalia; Carnivora; Mustelidae) using the trio binning approach. The genome sequence is 2,739 megabases in span. The majority of the assembly (95.16\%) is scaffolded into 23 chromosomal pseudomolecules with the X and Y sex chromosomes assembled. The complete mitochondrial genome was also assembled and is 16.4 kilobases in length.},
	language = {en},
	urldate = {2023-03-24},
	journal = {Wellcome Open Research},
	author = {Newman, Chris and Tsai, Ming-shan and Buesching, Christina D. and Holland, Peter W. H. and Macdonald, David W. and {Darwin Tree of Life Consortium} and {University of Oxford and Wytham Woods Genome Acquisition Lab} and {Wellcome Sanger Institute Tree of Life programme} and {Wellcome Sanger Institute Scientific Operations: DNA Pipelines collective} and {Tree of Life Core Informatics collective}},
	month = sep,
	year = {2022},
	pages = {239},
}

@article{Neumann:2011aa,
	author = {Neumann, Pavel and Navr{\'a}tilov{\'a}, Alice and Kobl{\'\i}{\v z}kov{\'a}, Andrea and Kejnovsk{\'y}, Eduard and H{\v r}ibov{\'a}, Eva and Hobza, Roman and Widmer, Alex and Dole{\v z}el, Jaroslav and Macas, Ji{\v r}{\'\i}},
	journal = {Mob DNA},
	month = {Mar},
	number = {1},
	pages = {4},
	title = {Plant centromeric retrotransposons: a structural and cytogenetic perspective},
	volume = {2},
	year = {2011}}

@article{Zhang:2019ab,
	author = {Zhang, Liyi and Hu, Jiang and Han, Xiaolei and Li, Jingjing and Gao, Yuan and Richards, Christopher M and Zhang, Caixia and Tian, Yi and Liu, Guiming and Gul, Hera and Wang, Dajiang and Tian, Yu and Yang, Chuanxin and Meng, Minghui and Yuan, Gaopeng and Kang, Guodong and Wu, Yonglong and Wang, Kun and Zhang, Hengtao and Wang, Depeng and Cong, Peihua},
	journal = {Nat Commun},
	month = {Apr},
	number = {1},
	pages = {1494},
	title = {A high-quality apple genome assembly reveals the association of a retrotransposon and red fruit colour},
	volume = {10},
	year = {2019}}

@article{Durfy:1990aa,
	author = {Durfy, S J and Willard, H F},
	journal = {J Mol Biol},
	month = {Dec},
	number = {3},
	pages = {555-66},
	title = {Concerted evolution of primate alpha satellite DNA. Evidence for an ancestral sequence shared by gorilla and human X chromosome alpha satellite},
	volume = {216},
	year = {1990}}

@article{Ananiev:1998ab,
	author = {Ananiev, E V and Phillips, R L and Rines, H W},
	journal = {Genetics},
	month = {Aug},
	number = {4},
	pages = {2025-37},
	title = {Complex structure of knob DNA on maize chromosome 9. Retrotransposon invasion into heterochromatin},
	volume = {149},
	year = {1998}}

@article{Avila-Robledillo:2018aa,
	author = {{\'A}vila Robledillo, Laura and Kobl{\'\i}{\v z}kov{\'a}, Andrea and Nov{\'a}k, Petr and B{\"o}ttinger, Katharina and Vrbov{\'a}, Iva and Neumann, Pavel and Schubert, Ingo and Macas, Ji{\v r}{\'\i}},
	journal = {Sci Rep},
	month = {Apr},
	number = {1},
	pages = {5838},
	title = {Satellite DNA in Vicia faba is characterized by remarkable diversity in its sequence composition, association with centromeres, and replication timing},
	volume = {8},
	year = {2018}}

@article{Jayakodi:2023aa,
	author = {Jayakodi, Murukarthick and Golicz, Agnieszka A and Kreplak, Jonathan and Fechete, Lavinia I and Angra, Deepti and Bedn{\'a}{\v r}, Petr and Bornhofen, Elesandro and Zhang, Hailin and Boussageon, Rapha{\"e}l and Kaur, Sukhjiwan and Cheung, Kwok and {\v C}{\'\i}{\v z}kov{\'a}, Jana and Gundlach, Heidrun and Hallab, Asis and Imbert, Baptiste and Keeble-Gagn{\`e}re, Gabriel and Kobl{\'\i}{\v z}kov{\'a}, Andrea and Kobrlov{\'a}, Lucie and Krej{\v c}{\'\i}, Petra and Mouritzen, Troels W and Neumann, Pavel and Nadzieja, Marcin and Nielsen, Linda K{\ae}rgaard and Nov{\'a}k, Petr and Orabi, Jihad and Padmarasu, Sudharsan and Robertson-Shersby-Harvie, Tom and Robledillo, Laura {\'A}vila and Schiemann, Andrea and Tanskanen, Jaakko and T{\"o}r{\"o}nen, Petri and Warsame, Ahmed O and Wittenberg, Alexander H J and Himmelbach, Axel and Aubert, Gr{\'e}goire and Courty, Pierre-Emmanuel and Dole{\v z}el, Jaroslav and Holm, Liisa U and Janss, Luc L and Khazaei, Hamid and Macas, Ji{\v r}{\'\i} and Mascher, Martin and Sm{\'y}kal, Petr and Snowdon, Rod J and Stein, Nils and Stoddard, Frederick L and Stougaard, Jens and Tayeh, Nadim and Torres, Ana M and Usadel, Bj{\"o}rn and Schubert, Ingo and O'Sullivan, Donal Martin and Schulman, Alan H and Andersen, Stig Uggerh{\o}j},
	journal = {Nature},
	month = {Mar},
	number = {7953},
	pages = {652-659},
	title = {The giant diploid faba genome unlocks variation in a global protein crop},
	volume = {615},
	year = {2023}}

@article{Maggini:1991aa,
	author = {Maggini, F and Cremonini, R and Zolfino, C and Tucci, G F and D'Ovidio, R and Delre, V and DePace, C and Scarascia Mugnozza, G T and Cionini, P G},
	journal = {Chromosoma},
	month = {May},
	number = {4},
	pages = {229-34},
	title = {Structure and chromosomal localization of DNA sequences related to ribosomal subrepeats in Vicia faba},
	volume = {100},
	year = {1991}}

@article{Kato:1984aa,
	author = {Kato, A and Yakura, K and Tanifuji, S},
	journal = {Nucleic Acids Res},
	month = {Aug},
	number = {16},
	pages = {6415-26},
	title = {Sequence analysis of Vicia faba repeated {DNA}, the {FokI} repeat element},
	volume = {12},
	year = {1984}}

@article{Kokot:2017aa,
	author = {Kokot, Marek and Dlugosz, Maciej and Deorowicz, Sebastian},
	journal = {Bioinformatics},
	month = {Sep},
	number = {17},
	pages = {2759-2761},
	title = {{KMC} 3: counting and manipulating k-mer statistics},
	volume = {33},
	year = {2017}}

@article{Flynn:2020aa,
	author = {Flynn, Jullien M and Hubley, Robert and Goubert, Cl{\'e}ment and Rosen, Jeb and Clark, Andrew G and Feschotte, C{\'e}dric and Smit, Arian F},
	journal = {Proc Natl Acad Sci U S A},
	month = {Apr},
	number = {17},
	pages = {9451-9457},
	title = {RepeatModeler2 for automated genomic discovery of transposable element families},
	volume = {117},
	year = {2020}}

@article{Rhie:2021ug,
	author = {Rhie, Arang and McCarthy, Shane A and Fedrigo, Olivier and Damas, Joana and Formenti, Giulio and Koren, Sergey and Uliano-Silva, Marcela and Chow, William and Fungtammasan, Arkarachai and Kim, Juwan and Lee, Chul and Ko, Byung June and Chaisson, Mark and Gedman, Gregory L and Cantin, Lindsey J and Thibaud-Nissen, Francoise and Haggerty, Leanne and Bista, Iliana and Smith, Michelle and Haase, Bettina and Mountcastle, Jacquelyn and Winkler, Sylke and Paez, Sadye and Howard, Jason and Vernes, Sonja C and Lama, Tanya M and Grutzner, Frank and Warren, Wesley C and Balakrishnan, Christopher N and Burt, Dave and George, Julia M and Biegler, Matthew T and Iorns, David and Digby, Andrew and Eason, Daryl and Robertson, Bruce and Edwards, Taylor and Wilkinson, Mark and Turner, George and Meyer, Axel and Kautt, Andreas F and Franchini, Paolo and Detrich, 3rd, H William and Svardal, Hannes and Wagner, Maximilian and Naylor, Gavin J P and Pippel, Martin and Malinsky, Milan and Mooney, Mark and Simbirsky, Maria and Hannigan, Brett T and Pesout, Trevor and Houck, Marlys and Misuraca, Ann and Kingan, Sarah B and Hall, Richard and Kronenberg, Zev and Sovi{\'c}, Ivan and Dunn, Christopher and Ning, Zemin and Hastie, Alex and Lee, Joyce and Selvaraj, Siddarth and Green, Richard E and Putnam, Nicholas H and Gut, Ivo and Ghurye, Jay and Garrison, Erik and Sims, Ying and Collins, Joanna and Pelan, Sarah and Torrance, James and Tracey, Alan and Wood, Jonathan and Dagnew, Robel E and Guan, Dengfeng and London, Sarah E and Clayton, David F and Mello, Claudio V and Friedrich, Samantha R and Lovell, Peter V and Osipova, Ekaterina and Al-Ajli, Farooq O and Secomandi, Simona and Kim, Heebal and Theofanopoulou, Constantina and Hiller, Michael and Zhou, Yang and Harris, Robert S and Makova, Kateryna D and Medvedev, Paul and Hoffman, Jinna and Masterson, Patrick and Clark, Karen and Martin, Fergal and Howe, Kevin and Flicek, Paul and Walenz, Brian P and Kwak, Woori and Clawson, Hiram and Diekhans, Mark and Nassar, Luis and Paten, Benedict and Kraus, Robert H S and Crawford, Andrew J and Gilbert, M Thomas P and Zhang, Guojie and Venkatesh, Byrappa and Murphy, Robert W and Koepfli, Klaus-Peter and Shapiro, Beth and Johnson, Warren E and Di Palma, Federica and Marques-Bonet, Tomas and Teeling, Emma C and Warnow, Tandy and Graves, Jennifer Marshall and Ryder, Oliver A and Haussler, David and O'Brien, Stephen J and Korlach, Jonas and Lewin, Harris A and Howe, Kerstin and Myers, Eugene W and Durbin, Richard and Phillippy, Adam M and Jarvis, Erich D},
	journal = {Nature},
	month = {04},
	number = {7856},
	pages = {737-746},
	title = {Towards complete and error-free genome assemblies of all vertebrate species},
	volume = {592},
	year = {2021}}

@article{Challis:2020aa,
	author = {Challis, Richard and Richards, Edward and Rajan, Jeena and Cochrane, Guy and Blaxter, Mark},
	journal = {G3 (Bethesda)},
	month = {Apr},
	number = {4},
	pages = {1361-1374},
	title = {{BlobToolKit} - Interactive Quality Assessment of Genome Assemblies},
	volume = {10},
	year = {2020}}

@article{Li:2018ab,
	author = {Li, Heng},
	journal = {Bioinformatics},
	month = {Sep},
	number = {18},
	pages = {3094-3100},
	title = {Minimap2: pairwise alignment for nucleotide sequences},
	volume = {34},
	year = {2018}}

@article{Rautiainen:2023aa,
	author = {Rautiainen, Mikko and Nurk, Sergey and Walenz, Brian P and Logsdon, Glennis A and Porubsky, David and Rhie, Arang and Eichler, Evan E and Phillippy, Adam M and Koren, Sergey},
	journal = {Nat Biotechnol},
	month = {Feb},
	title = {Telomere-to-telomere assembly of diploid chromosomes with Verkko},
	year = {2023}}

@article{Round:1997aa,
	author = {Round, E K and Flowers, S K and Richards, E J},
	journal = {Genome Res},
	month = {Nov},
	number = {11},
	pages = {1045-53},
	title = {Arabidopsis thaliana centromere regions: genetic map positions and repetitive DNA structure},
	volume = {7},
	year = {1997}}

@article{Wang:2022ab,
	author = {Wang, Bo and Yang, Xiaofei and Jia, Yanyan and Xu, Yu and Jia, Peng and Dang, Ningxin and Wang, Songbo and Xu, Tun and Zhao, Xixi and Gao, Shenghan and Dong, Quanbin and Ye, Kai},
	journal = {Genomics Proteomics Bioinformatics},
	month = {Feb},
	number = {1},
	pages = {4-13},
	title = {High-quality Arabidopsis thaliana Genome Assembly with Nanopore and HiFi Long Reads},
	volume = {20},
	year = {2022}}
